<?xml version="1.0" encoding="UTF-8"?><collection xmlns="http://www.loc.gov/MARC21/slim"><record><leader>00476nam--2200157-i-4500</leader><controlfield tag="001">000011257</controlfield><controlfield tag="002">20161230</controlfield><controlfield tag="005">20170224001332</controlfield><controlfield tag="008">060222s1000------------r-----000-0-eng-d</controlfield><datafield ind1=" " ind2=" " tag="245"><subfield code="a">Crystal chemistry of mseo3 and mteo3 (m=mg.mn.co,ni,cu and zn)</subfield></datafield><datafield ind1=" " ind2=" " tag="260"><subfield code="a">Tohyo</subfield><subfield code="b">The Institute For Solid State Physics</subfield><subfield code="c">1975</subfield></datafield><datafield ind1=" " ind2=" " tag="300"><subfield code="a">36 p</subfield></datafield><datafield ind1=" " ind2=" " tag="490"><subfield code="a">Technical Report Of Issp-ser.A., Nr736</subfield></datafield><datafield ind1=" " ind2=" " tag="700"><subfield code="a">Syun-iti, Akimoto</subfield></datafield><datafield ind1=" " ind2=" " tag="852"><subfield code="a">541.1:539.2(047)</subfield></datafield><datafield ind1=" " ind2=" " tag="CAT"><subfield code="a">SYS</subfield><subfield code="c">20170224</subfield><subfield code="h">001332</subfield></datafield></record></collection>